% ------------------------------------------------------------------------
% SAMPLE BIBLIOGRAPHY FILE
% ------------------------------------------------------------------------
@inproceedings{hasan2018predicting,
  title={Predicting the outcome of patient-provider communication sequences using recurrent neural networks and probabilistic models},
  author={Hasan, Mehedi and Kotov, Alexander and Carcone, April Idalski and Dong, Ming and Naar-King, Sylvie},
  booktitle={Proceedings of the 2018 AMIA Informatics Summit},
  year={2018},
  organization={American Medical Informatics Association}
}

@article{hasan2016study,
  title={A study of the effectiveness of machine learning methods for classification of clinical interview fragments into a large number of categories},
  author={Hasan, Mehedi and Kotov, Alexander and Carcone, April Idalski and Dong, Ming and Naar, Sylvie and Hartlieb, Kathryn Brogan},
  journal={Journal of biomedical informatics},
  volume={62},
  pages={21--31},
  year={2016},
  publisher={Elsevier}
}

@inproceedings{kotov2015interpretable,
  title={Interpretable probabilistic latent variable models for automatic annotation of clinical text},
  author={Kotov, Alexander and Hasan, Mehedi and Carcone, April and Dong, Ming and Naar-King, Sylvie and Hartlieb, Kathryn Brogan},
  booktitle={AMIA Annual Symposium Proceedings},
  volume={2015},
  pages={785},
  year={2015},
  organization={American Medical Informatics Association}
}

@article{carcone2013provider,
  title={Provider communication behaviors that predict motivation to change in black adolescents with obesity},
  author={Carcone, April Idalski and Naar-King, Sylvie and Brogan, Kathryn and Albrecht, Terrance and Barton, Ellen and Foster, Tanina and Martin, Tim and Marshall, Sharon},
  journal={Journal of developmental and behavioral pediatrics: JDBP},
  volume={34},
  number={8},
  pages={599},
  year={2013},
  publisher={NIH Public Access}
}

@article{blanck2008trends,
  title={Trends in fruit and vegetable consumption among US men and women, 1994--2005},
  author={Blanck, Heidi Michels and Gillespie, Cathleen and Kimmons, Joel E and Seymour, Jennifer D and Serdula, Mary K},
  journal={Preventing chronic disease},
  volume={5},
  number={2},
  year={2008},
  publisher={Centers for Disease Control and Prevention}
}

@article{centers2007fruit,
  title={Fruit and vegetable consumption among adults--United States, 2005.},
  author={Centers for Disease Control and Prevention (CDC and others},
  journal={MMWR. Morbidity and mortality weekly report},
  volume={56},
  number={10},
  pages={213},
  year={2007}
}

@article{ogden2006prevalence,
  title={Prevalence of overweight and obesity in the United States, 1999-2004},
  author={Ogden, Cynthia L and Carroll, Margaret D and Curtin, Lester R and McDowell, Margaret A and Tabak, Carolyn J and Flegal, Katherine M},
  journal={Jama},
  volume={295},
  number={13},
  pages={1549--1555},
  year={2006},
  publisher={American Medical Association}
}

@article{american2006american,
  title={American college health association national college health assessment (ACHA-NCHA) spring 2005 reference group data report (abridged)},
  author={American College Health Association and others},
  journal={Journal of American College Health},
  volume={55},
  number={1},
  pages={5},
  year={2006},
  publisher={Taylor \& Francis Inc.}
}

@article{thompson2005dietary,
  title={Dietary guidelines for Americans 2005},
  author={Thompson, Tommy G and Veneman, Ann M},
  journal={United States Department of Health and Human Services and United States Department of Agriculture},
  year={2005}
}

@article{alexander2017motivations,
  title={Motivations of Young Adults for Improving Dietary Choices: Focus Group Findings Prior to the MENU GenY Dietary Change Trial},
  author={Alexander, Gwen L and Lindberg, Nangel and Firemark, Alison L and Rukstalis, Margaret R and McMullen, Carmit},
  journal={Health Education \& Behavior},
  pages={1090198117736347},
  year={2017},
  publisher={SAGE Publications Sage CA: Los Angeles, CA}
}

@book{miller2012motivational,
  title={Motivational interviewing: Helping people change},
  author={Miller, William R and Rollnick, Stephen},
  year={2012},
  publisher={Guilford press}
}

@article{miller2009ten,
  title={Ten things that motivational interviewing is not},
  author={Miller, William R and Rollnick, Stephen},
  journal={Behavioural and cognitive psychotherapy},
  volume={37},
  number={2},
  pages={129--140},
  year={2009},
  publisher={Cambridge University Press}
}

@article{miller2009toward,
  title={Toward a theory of motivational interviewing.},
  author={Miller, William R and Rose, Gary S},
  journal={American psychologist},
  volume={64},
  number={6},
  pages={527},
  year={2009},
  publisher={American Psychological Association}
}

@article{apodaca2009mechanisms,
  title={Mechanisms of change in motivational interviewing: a review and preliminary evaluation of the evidence},
  author={Apodaca, Timothy R and Longabaugh, Richard},
  journal={Addiction},
  volume={104},
  number={5},
  pages={705--715},
  year={2009},
  publisher={Wiley Online Library}
}

@article{nebeling2007still,
  title={Still not enough: can we achieve our goals for Americans to eat more fruits and vegetables in the future?},
  author={Nebeling, Linda and Yaroch, Amy L and Seymour, Jennifer D and Kimmons, Joel},
  journal={American journal of preventive medicine},
  volume={32},
  number={4},
  pages={354--355},
  year={2007},
  publisher={Elsevier}
}

@article{brug1999application,
  title={The application and impact of computer-generated personalized nutrition education: a review of the literature},
  author={Brug, Johannes and Campbell, Marci and van Assema, Patricia},
  journal={Patient education and counseling},
  volume={36},
  number={2},
  pages={145--156},
  year={1999},
  publisher={Elsevier}
}

@article{larson2006food,
  title={Food preparation by young adults is associated with better diet quality},
  author={Larson, Nicole I and Perry, Cheryl L and Story, Mary and Neumark-Sztainer, Dianne},
  journal={Journal of the American dietetic association},
  volume={106},
  number={12},
  pages={2001--2007},
  year={2006},
  publisher={Elsevier}
}

@article{nelson2009improving,
  title={Improving literacy about energy-related issues: the need for a better understanding of the concepts behind energy intake and expenditure among adolescents and their parents},
  author={Nelson, Melissa C and Lytle, Leslie A and Pasch, Keryn E},
  journal={Journal of the American Dietetic Association},
  volume={109},
  number={2},
  pages={281--287},
  year={2009},
  publisher={Elsevier}
}

@article{strecher2007internet,
  title={Internet methods for delivering behavioral and health-related interventions (eHealth)},
  author={Strecher, Victor},
  journal={Annu. Rev. Clin. Psychol.},
  volume={3},
  pages={53--76},
  year={2007},
  publisher={Annual Reviews}
}

@inproceedings{apostolova2009automatic,
  title={Automatic segmentation of clinical texts},
  author={Apostolova, Emilia and Channin, David S and Demner-Fushman, Dina and Furst, Jacob and Lytinen, Steven and Raicu, Daniela},
  booktitle={Engineering in Medicine and Biology Society, 2009. EMBC 2009. Annual International Conference of the IEEE},
  pages={5905--5908},
  year={2009},
  organization={IEEE}
}

@article{denny2009evaluation,
  title={Evaluation of a method to identify and categorize section headers in clinical documents},
  author={Denny, Joshua C and Spickard III, Anderson and Johnson, Kevin B and Peterson, Neeraja B and Peterson, Josh F and Miller, Randolph A},
  journal={Journal of the American Medical Informatics Association},
  volume={16},
  number={6},
  pages={806--815},
  year={2009},
  publisher={BMJ Group BMA House, Tavistock Square, London, WC1H 9JR}
}

@inproceedings{tepper2012statistical,
  title={Statistical Section Segmentation in Free-Text Clinical Records.},
  author={Tepper, Michael and Capurro, Daniel and Xia, Fei and Vanderwende, Lucy and Yetisgen-Yildiz, Meliha},
  booktitle={LREC},
  pages={2001--2008},
  year={2012}
}

@inproceedings{cho2002text,
  title={Text boundary detection of medical reports},
  author={Cho, Paul S and Taira, Ricky K and Kangarloo, Hooshang},
  booktitle={Proceedings of the AMIA Symposium},
  pages={998},
  year={2002},
  organization={American Medical Informatics Association}
}

@article{griffis2016quantitative,
  title={A quantitative and qualitative evaluation of sentence boundary detection for the clinical domain},
  author={Griffis, Denis and Shivade, Chaitanya and Fosler-Lussier, Eric and Lai, Albert M},
  journal={AMIA Summits on Translational Science Proceedings},
  volume={2016},
  pages={88},
  year={2016},
  publisher={American Medical Informatics Association}
}

@inproceedings{kreuzthaler2015detection,
  title={Detection of sentence boundaries and abbreviations in clinical narratives},
  author={Kreuzthaler, Markus and Schulz, Stefan},
  booktitle={BMC medical informatics and decision making},
  volume={15},
  number={2},
  pages={S4},
  year={2015},
  organization={BioMed Central}
}

@inproceedings{treviso2017sentence,
  title={Sentence Segmentation in Narrative Transcripts from Neuropsychological Tests using Recurrent Convolutional Neural Networks},
  author={Treviso, Marcos and Shulby, Christopher and Alu{\'\i}sio, Sandra},
  booktitle={Proceedings of the 15th Conference of the European Chapter of the Association for Computational Linguistics: Volume 1, Long Papers},
  volume={1},
  pages={315--325},
  year={2017}
}

@article{hashimoto2016topic,
  title={Topic detection using paragraph vectors to support active learning in systematic reviews},
  author={Hashimoto, Kazuma and Kontonatsios, Georgios and Miwa, Makoto and Ananiadou, Sophia},
  journal={Journal of biomedical informatics},
  volume={62},
  pages={59--65},
  year={2016},
  publisher={Elsevier}
}

@article{lu2016modeling,
  title={Modeling healthcare data using multiple-channel latent Dirichlet allocation},
  author={Lu, Hsin-Min and Wei, Chih-Ping and Hsiao, Fei-Yuan},
  journal={Journal of biomedical informatics},
  volume={60},
  pages={210--223},
  year={2016},
  publisher={Elsevier}
}

@article{pedregosa2011scikit,
  title={Scikit-learn: Machine learning in Python},
  author={Pedregosa, Fabian and Varoquaux, Ga{\"e}l and Gramfort, Alexandre and Michel, Vincent and Thirion, Bertrand and Grisel, Olivier and Blondel, Mathieu and Prettenhofer, Peter and Weiss, Ron and Dubourg, Vincent and others},
  journal={Journal of machine learning research},
  volume={12},
  number={Oct},
  pages={2825--2830},
  year={2011}
}

@article{chang2011libsvm,
  title={LIBSVM: a library for support vector machines},
  author={Chang, Chih-Chung and Lin, Chih-Jen},
  journal={ACM transactions on intelligent systems and technology (TIST)},
  volume={2},
  number={3},
  pages={27},
  year={2011},
  publisher={Acm}
}

@inproceedings{bengio1993problem,
  title={The problem of learning long-term dependencies in recurrent networks},
  author={Bengio, Yoshua and Frasconi, Paolo and Simard, Patrice},
  booktitle={Neural Networks, 1993., IEEE International Conference on},
  pages={1183--1188},
  year={1993},
  organization={IEEE}
}

@article{hochreiter1997long,
  title={Long short-term memory},
  author={Hochreiter, Sepp and Schmidhuber, J{\"u}rgen},
  journal={Neural computation},
  volume={9},
  number={8},
  pages={1735--1780},
  year={1997},
  publisher={MIT Press}
}

@article{cho2014properties,
  title={On the properties of neural machine translation: Encoder-decoder approaches},
  author={Cho, Kyunghyun and Van Merri{\"e}nboer, Bart and Bahdanau, Dzmitry and Bengio, Yoshua},
  journal={arXiv preprint arXiv:1409.1259},
  year={2014}
}

@inproceedings{hu2015kernelized,
  title={Kernelized Online Imbalanced Learning with Fixed Budgets.},
  author={Hu, Junjie and Yang, Haiqin and King, Irwin and Lyu, Michael R and So, Anthony Man-Cho},
  booktitle={AAAI},
  pages={2666--2672},
  year={2015}
}

@misc{aas1999text,
  title={Text categorisation: A survey},
  author={Aas, Kjersti and Eikvil, Line},
  year={1999},
  publisher={Technical report, Norwegian computing center}
}

@inproceedings{joachims1998text,
  title={Text categorization with support vector machines: Learning with many relevant features},
  author={Joachims, Thorsten},
  booktitle={European conference on machine learning},
  pages={137--142},
  year={1998},
  organization={Springer}
}

@article{chung2014empirical,
  title={Empirical evaluation of gated recurrent neural networks on sequence modeling},
  author={Chung, Junyoung and Gulcehre, Caglar and Cho, KyungHyun and Bengio, Yoshua},
  journal={arXiv preprint arXiv:1412.3555},
  year={2014}
}

@article{kumar2011receiver,
  title={Receiver operating characteristic (ROC) curve for medical researchers},
  author={Kumar, Rajeev and Indrayan, Abhaya},
  journal={Indian pediatrics},
  volume={48},
  number={4},
  pages={277--287},
  year={2011},
  publisher={Springer}
}

@article{freund1999short,
  title={A short introduction to boosting},
  author={Freund, Yoav and Schapire, Robert and Abe, Naoki},
  journal={Journal-Japanese Society For Artificial Intelligence},
  volume={14},
  number={771-780},
  pages={1612},
  year={1999},
  publisher={JAPANESE SOC ARTIFICIAL INTELL}
}

@inproceedings{lacson2005automatic,
  title={Automatic processing of spoken dialogue in the home hemodialysis domain},
  author={Lacson, Ronilda and Barzilay, Regina},
  booktitle={AMIA Annual Symposium Proceedings},
  volume={2005},
  pages={420},
  year={2005},
  organization={American Medical Informatics Association}
}

@book{siegfried1995therapeutic,
  title={Therapeutic and everyday discourse as behavior change: Towards a micro-analysis in psychotherapy process research},
  author={Siegfried, Jurg},
  year={1995},
  publisher={Greenwood Publishing Group}
}

@inproceedings{hasan2016feedback,
  title={Feedback or Research: Separating Pre-purchase from Post-purchase Consumer Reviews},
  author={Hasan, Mehedi and Kotov, Alexander and Mohan, Aravind and Lu, Shiyong and Stieg, Paul M},
  booktitle={European Conference on Information Retrieval},
  pages={682--688},
  year={2016},
  organization={Springer}
}

@inproceedings{ramage2009labeled,
  title={Labeled LDA: A supervised topic model for credit attribution in multi-labeled corpora},
  author={Ramage, Daniel and Hall, David and Nallapati, Ramesh and Manning, Christopher D},
  booktitle={Proceedings of the 2009 Conference on Empirical Methods in Natural Language Processing: Volume 1-Volume 1},
  pages={248--256},
  year={2009},
  organization={Association for Computational Linguistics}
}

@article{de2002language,
  title={Language and gender author cohort analysis of e-mail for computer forensics},
  author={de Vel, Olivier Y and Corney, Malcolm W and Anderson, Alison M and Mohay, George M},
  year={2002},
  publisher={DFRWS}
}

@inproceedings{wang2012baselines,
  title={Baselines and bigrams: Simple, good sentiment and topic classification},
  author={Wang, Sida and Manning, Christopher D},
  booktitle={Proceedings of the 50th Annual Meeting of the Association for Computational Linguistics: Short Papers-Volume 2},
  pages={90--94},
  year={2012},
  organization={Association for Computational Linguistics}
}

@article{nigam2000text,
  title={Text classification from labeled and unlabeled documents using EM},
  author={Nigam, Kamal and McCallum, Andrew Kachites and Thrun, Sebastian and Mitchell, Tom},
  journal={Machine learning},
  volume={39},
  number={2-3},
  pages={103--134},
  year={2000},
  publisher={Springer}
}

@article{pierre2016neural,
  title={Neural Discourse Modeling of Conversations},
  author={Pierre, John M and Butler, Mark and Portnoff, Jacob and Aguilar, Luis},
  journal={arXiv preprint arXiv:1607.04576},
  year={2016}
}

@article{kalchbrenner2013recurrent,
  title={Recurrent convolutional neural networks for discourse compositionality},
  author={Kalchbrenner, Nal and Blunsom, Phil},
  journal={arXiv preprint arXiv:1306.3584},
  year={2013}
}

@article{webber2012discourse,
  title={Discourse structure and language technology},
  author={Webber, Bonnie and Egg, Markus and Kordoni, Valia},
  journal={Natural Language Engineering},
  volume={18},
  number={4},
  pages={437--490},
  year={2012},
  publisher={Cambridge University Press}
}

@inproceedings{galley2003discourse,
  title={Discourse segmentation of multi-party conversation},
  author={Galley, Michel and McKeown, Kathleen R and Fosler-Lussier, Eric and Jing, Hongyan},
  booktitle={Proceedings of the 41st Annual Meeting of the Association for Computational Linguistics},
  year={2003}
}

@article{keller1985fuzzy,
  title={A fuzzy k-nearest neighbor algorithm},
  author={Keller, James M and Gray, Michael R and Givens, James A},
  journal={IEEE transactions on systems, man, and cybernetics},
  number={4},
  pages={580--585},
  year={1985},
  publisher={IEEE}
}

@inproceedings{mccallum1998comparison,
  title={A comparison of event models for naive bayes text classification},
  author={McCallum, Andrew and Nigam, Kamal and others},
  booktitle={AAAI-98 workshop on learning for text categorization},
  volume={752},
  number={1},
  pages={41--48},
  year={1998},
  organization={Citeseer}
}

@article{cortes1995support,
  title={Support-vector networks},
  author={Cortes, Corinna and Vapnik, Vladimir},
  journal={Machine learning},
  volume={20},
  number={3},
  pages={273--297},
  year={1995},
  publisher={Springer}
}


@article{lipton2015critical,
  title={A critical review of recurrent neural networks for sequence learning},
  author={Lipton, Zachary C and Berkowitz, John and Elkan, Charles},
  journal={arXiv preprint arXiv:1506.00019},
  year={2015}
}

@article{kingma2014adam,
  title={Adam: A method for stochastic optimization},
  author={Kingma, Diederik P and Ba, Jimmy},
  journal={arXiv preprint arXiv:1412.6980},
  year={2014}
}

@inproceedings{fraser2015sentence,
  title={Sentence segmentation of aphasic speech},
  author={Fraser, Kathleen C and Ben-David, Naama and Hirst, Graeme and Graham, Naida and Rochon, Elizabeth},
  booktitle={Proceedings of the 2015 Conference of the North American Chapter of the Association for Computational Linguistics: Human Language Technologies},
  pages={862--871},
  year={2015}
}

@inproceedings{liu2005using,
  title={Using conditional random fields for sentence boundary detection in speech},
  author={Liu, Yang and Stolcke, Andreas and Shriberg, Elizabeth and Harper, Mary},
  booktitle={Proceedings of the 43rd Annual Meeting of the Association for Computational Linguistics (ACL’05)},
  pages={451--458},
  year={2005}
}

@inproceedings{mikolov2013distributed,
  title={Distributed representations of words and phrases and their compositionality},
  author={Mikolov, Tomas and Sutskever, Ilya and Chen, Kai and Corrado, Greg S and Dean, Jeff},
  booktitle={Advances in neural information processing systems},
  pages={3111--3119},
  year={2013}
}

@inproceedings{pennington2014glove,
  title={Glove: Global vectors for word representation},
  author={Pennington, Jeffrey and Socher, Richard and Manning, Christopher},
  booktitle={Proceedings of the 2014 conference on empirical methods in natural language processing (EMNLP)},
  pages={1532--1543},
  year={2014}
}

@book{bird2009natural,
  title={Natural language processing with Python: analyzing text with the natural language toolkit},
  author={Bird, Steven and Klein, Ewan and Loper, Edward},
  year={2009},
  publisher={" O'Reilly Media, Inc."}
}

@inproceedings{lafferty2001conditional,
 author = {Lafferty, John D. and McCallum, Andrew and Pereira, Fernando C. N.},
 title = {Conditional Random Fields: Probabilistic Models for Segmenting and Labeling Sequence Data},
 booktitle = {Proceedings of the Eighteenth International Conference on Machine Learning},
 year = {2001},
 isbn = {1-55860-778-1},
 pages = {282--289},
 numpages = {8}
}

@inproceedings{hirohata2008identifying,
  title={Identifying sections in scientific abstracts using conditional random fields},
  author={Hirohata, Kenji and Okazaki, Naoaki and Ananiadou, Sophia and Ishizuka, Mitsuru},
  booktitle={Proceedings of the Third International Joint Conference on Natural Language Processing: Volume-I},
  year={2008}
}

@article{srivastava2014dropout,
  title={Dropout: a simple way to prevent neural networks from overfitting},
  author={Srivastava, Nitish and Hinton, Geoffrey and Krizhevsky, Alex and Sutskever, Ilya and Salakhutdinov, Ruslan},
  journal={The Journal of Machine Learning Research},
  volume={15},
  number={1},
  pages={1929--1958},
  year={2014},
  publisher={JMLR. org}
}

@article{schuster1997bidirectional,
  title={Bidirectional recurrent neural networks},
  author={Schuster, Mike and Paliwal, Kuldip K},
  journal={IEEE Transactions on Signal Processing},
  volume={45},
  number={11},
  pages={2673--2681},
  year={1997},
  publisher={IEEE}
}

@article{rumelhart1986learning,
  title={Learning representations by back-propagating errors},
  author={Rumelhart, David E and Hinton, Geoffrey E and Williams, Ronald J},
  journal={nature},
  volume={323},
  number={6088},
  pages={533},
  year={1986},
  publisher={Nature Publishing Group}
}

@article{grau2015prroc,
  title={PRROC: computing and visualizing precision-recall and receiver operating characteristic curves in R},
  author={Grau, Jan and Grosse, Ivo and Keilwagen, Jens},
  journal={Bioinformatics},
  volume={31},
  number={15},
  pages={2595--2597},
  year={2015},
  publisher={Oxford University Press}
}

% ------------------------------------------------------------------------
