% ------------------------------------------------------------------------
% SAMPLE BIBLIOGRAPHY FILE
% ------------------------------------------------------------------------
@article{hasan2016study,
  title={A study of the effectiveness of machine learning methods for classification of clinical interview fragments into a large number of categories},
  author={Hasan, Mehedi and Kotov, Alexander and Carcone, April Idalski and Dong, Ming and Naar, Sylvie and Hartlieb, Kathryn Brogan},
  journal={Journal of biomedical informatics},
  volume={62},
  pages={21--31},
  year={2016},
  publisher={Elsevier}
}

@inproceedings{kotov2015interpretable,
  title={Interpretable probabilistic latent variable models for automatic annotation of clinical text},
  author={Kotov, Alexander and Hasan, Mehedi and Carcone, April and Dong, Ming and Naar-King, Sylvie and BroganHartlieb, Kathryn},
  booktitle={AMIA Annual Symposium Proceedings},
  volume={2015},
  pages={785},
  year={2015},
  organization={American Medical Informatics Association}
}

@article{carcone2013provider,
  title={Provider communication behaviors that predict motivation to change in black adolescents with obesity},
  author={Carcone, April Idalski and Naar-King, Sylvie and Brogan, Kathryn and Albrecht, Terrance and Barton, Ellen and Foster, Tanina and Martin, Tim and Marshall, Sharon},
  journal={Journal of developmental and behavioral pediatrics: JDBP},
  volume={34},
  number={8},
  pages={599},
  year={2013},
  publisher={NIH Public Access}
}

@article{blanck2008trends,
  title={Trends in fruit and vegetable consumption among US men and women, 1994--2005},
  author={Blanck, Heidi Michels and Gillespie, Cathleen and Kimmons, Joel E and Seymour, Jennifer D and Serdula, Mary K},
  journal={Preventing chronic disease},
  volume={5},
  number={2},
  year={2008},
  publisher={Centers for Disease Control and Prevention}
}

@article{centers2007fruit,
  title={Fruit and vegetable consumption among adults--United States, 2005.},
  author={Centers for Disease Control and Prevention (CDC and others},
  journal={MMWR. Morbidity and mortality weekly report},
  volume={56},
  number={10},
  pages={213},
  year={2007}
}

@article{ogden2006prevalence,
  title={Prevalence of overweight and obesity in the United States, 1999-2004},
  author={Ogden, Cynthia L and Carroll, Margaret D and Curtin, Lester R and McDowell, Margaret A and Tabak, Carolyn J and Flegal, Katherine M},
  journal={Jama},
  volume={295},
  number={13},
  pages={1549--1555},
  year={2006},
  publisher={American Medical Association}
}

@article{american2006american,
  title={American college health association national college health assessment (ACHA-NCHA) spring 2005 reference group data report (abridged)},
  author={American College Health Association and others},
  journal={Journal of American College Health},
  volume={55},
  number={1},
  pages={5},
  year={2006},
  publisher={Taylor \& Francis Inc.}
}

@article{thompson2005dietary,
  title={Dietary guidelines for Americans 2005},
  author={Thompson, Tommy G and Veneman, Ann M},
  journal={United States Department of Health and Human Services and United States Department of Agriculture},
  year={2005}
}

@article{alexander2017motivations,
  title={Motivations of Young Adults for Improving Dietary Choices: Focus Group Findings Prior to the MENU GenY Dietary Change Trial},
  author={Alexander, Gwen L and Lindberg, Nangel and Firemark, Alison L and Rukstalis, Margaret R and McMullen, Carmit},
  journal={Health Education \& Behavior},
  pages={1090198117736347},
  year={2017},
  publisher={SAGE Publications Sage CA: Los Angeles, CA}
}

@book{miller2012motivational,
  title={Motivational interviewing: Helping people change},
  author={Miller, William R and Rollnick, Stephen},
  year={2012},
  publisher={Guilford press}
}

@article{miller2009ten,
  title={Ten things that motivational interviewing is not},
  author={Miller, William R and Rollnick, Stephen},
  journal={Behavioural and cognitive psychotherapy},
  volume={37},
  number={2},
  pages={129--140},
  year={2009},
  publisher={Cambridge University Press}
}

@article{miller2009toward,
  title={Toward a theory of motivational interviewing.},
  author={Miller, William R and Rose, Gary S},
  journal={American psychologist},
  volume={64},
  number={6},
  pages={527},
  year={2009},
  publisher={American Psychological Association}
}

@article{apodaca2009mechanisms,
  title={Mechanisms of change in motivational interviewing: a review and preliminary evaluation of the evidence},
  author={Apodaca, Timothy R and Longabaugh, Richard},
  journal={Addiction},
  volume={104},
  number={5},
  pages={705--715},
  year={2009},
  publisher={Wiley Online Library}
}

@article{nebeling2007still,
  title={Still not enough: can we achieve our goals for Americans to eat more fruits and vegetables in the future?},
  author={Nebeling, Linda and Yaroch, Amy L and Seymour, Jennifer D and Kimmons, Joel},
  journal={American journal of preventive medicine},
  volume={32},
  number={4},
  pages={354--355},
  year={2007},
  publisher={Elsevier}
}

@article{brug1999application,
  title={The application and impact of computer-generated personalized nutrition education: a review of the literature},
  author={Brug, Johannes and Campbell, Marci and van Assema, Patricia},
  journal={Patient education and counseling},
  volume={36},
  number={2},
  pages={145--156},
  year={1999},
  publisher={Elsevier}
}

@article{larson2006food,
  title={Food preparation by young adults is associated with better diet quality},
  author={Larson, Nicole I and Perry, Cheryl L and Story, Mary and Neumark-Sztainer, Dianne},
  journal={Journal of the American dietetic association},
  volume={106},
  number={12},
  pages={2001--2007},
  year={2006},
  publisher={Elsevier}
}

@article{nelson2009improving,
  title={Improving literacy about energy-related issues: the need for a better understanding of the concepts behind energy intake and expenditure among adolescents and their parents},
  author={Nelson, Melissa C and Lytle, Leslie A and Pasch, Keryn E},
  journal={Journal of the American Dietetic Association},
  volume={109},
  number={2},
  pages={281--287},
  year={2009},
  publisher={Elsevier}
}

@article{strecher2007internet,
  title={Internet methods for delivering behavioral and health-related interventions (eHealth)},
  author={Strecher, Victor},
  journal={Annu. Rev. Clin. Psychol.},
  volume={3},
  pages={53--76},
  year={2007},
  publisher={Annual Reviews}
}

% ------------------------------------------------------------------------
